<?xml version="1.0" encoding="UTF-8" ?><marc:collection xmlns:marc="http://www.loc.gov/MARC21/slim" xmlns:xsi="http://www.w3.org/2001/XMLSchema-instance" xsi:schemaLocation="http://www.loc.gov/MARC21/slim http://www.loc.gov/standards/marcxml/schema/MARC21slim.xsd">
<marc:record><marc:leader>01281ctm a2200277Ia 4500</marc:leader>
<marc:controlfield tag="001">002115114</marc:controlfield>
<marc:controlfield tag="005">20120106155734.0</marc:controlfield><marc:controlfield tag="008">960521s1837    nju           000 0 eng d</marc:controlfield><marc:datafield tag="035" ind1=" " ind2=" "><marc:subfield code="a">34766968</marc:subfield></marc:datafield><marc:datafield tag="040" ind1=" " ind2=" "><marc:subfield code="a">NDK</marc:subfield><marc:subfield code="c">NDK</marc:subfield><marc:subfield code="d">OCL</marc:subfield><marc:subfield code="d">OCLCQ</marc:subfield><marc:subfield code="d">OCLCG</marc:subfield><marc:subfield code="d">NDD</marc:subfield></marc:datafield><marc:datafield tag="049" ind1=" " ind2=" "><marc:subfield code="a">NDDP</marc:subfield></marc:datafield><marc:datafield tag="100" ind1="1" ind2=" "><marc:subfield code="a">Alexander, Stephen,</marc:subfield><marc:subfield code="d">1806-1883.</marc:subfield></marc:datafield><marc:datafield tag="245" ind1="1" ind2="0"><marc:subfield code="a">Stephen Alexander letter,</marc:subfield><marc:subfield code="f">1837, Jun. 9,</marc:subfield><marc:subfield code="b">Princeton, to &quot;My dear Sir.&quot;</marc:subfield></marc:datafield><marc:datafield tag="300" ind1=" " ind2=" "><marc:subfield code="a">1</marc:subfield><marc:subfield code="f">item.</marc:subfield></marc:datafield><marc:datafield tag="500" ind1=" " ind2=" "><marc:subfield code="a">Forms part of the History of Medicine Trent Manuscripts Collection.</marc:subfield></marc:datafield><marc:datafield tag="545" ind1=" " ind2=" "><marc:subfield code="a">U.S. astronomer and professor of astronomy at Princeton University.</marc:subfield></marc:datafield><marc:datafield tag="520" ind1="8" ind2=" "><marc:subfield code="a">Letter (ALS) reports the whereabouts and activities of Joseph Henry, his brother-in-law, and A.D. Bache and lists the &quot;scientific men of London&quot; with whom they were in contact, including Faraday, Wheatstone, Babbage, Barlow, Dr. Gregory and a Professor Powell of Oxford.</marc:subfield></marc:datafield><marc:datafield tag="541" ind1=" " ind2=" "><marc:subfield code="a">Source unknown.</marc:subfield></marc:datafield><marc:datafield tag="600" ind1="1" ind2="0"><marc:subfield code="a">Alexander, Stephen,</marc:subfield><marc:subfield code="d">1806-1883.</marc:subfield></marc:datafield><marc:datafield tag="600" ind1="1" ind2="2"><marc:subfield code="a">Henry, Joseph,</marc:subfield><marc:subfield code="d">1797-1878.</marc:subfield></marc:datafield><marc:datafield tag="600" ind1="1" ind2="2"><marc:subfield code="a">Bache, A. D.</marc:subfield><marc:subfield code="q">(Alexander Dallas),</marc:subfield><marc:subfield code="d">1806-1867.</marc:subfield></marc:datafield><marc:datafield tag="600" ind1="1" ind2="2"><marc:subfield code="a">Faraday, Michael,</marc:subfield><marc:subfield code="d">1791-1867.</marc:subfield></marc:datafield><marc:datafield tag="600" ind1="1" ind2="2"><marc:subfield code="a">Wheatstone, Charles,</marc:subfield><marc:subfield code="c">Sir,</marc:subfield><marc:subfield code="d">1802-1875.</marc:subfield></marc:datafield><marc:datafield tag="600" ind1="1" ind2="2"><marc:subfield code="a">Babbage, Charles,</marc:subfield><marc:subfield code="d">1791-1871.</marc:subfield></marc:datafield><marc:datafield tag="600" ind1="1" ind2="2"><marc:subfield code="a">Barlow, Peter,</marc:subfield><marc:subfield code="d">1776-1862.</marc:subfield></marc:datafield><marc:datafield tag="710" ind1="2" ind2=" "><marc:subfield code="a">History of Medicine Collections (Duke University)</marc:subfield></marc:datafield></marc:record>
</marc:collection>
